%% Stroustrup
@book{Stroustrup_2013__Cpp_Prog_Lang,
	author = {Stroustrup, Bjarne},
	title = {The C++ Programming Language},
	date = {2013},
	edition = {4},
	publisher = {Addison-Wesley},
	isbn = {978-0-321-56384-2},
}
%% Meyers
@book{Meyers_2014__Modern_Cpp,
	author = {Meyers, Scott},
	title = {Effective Modern C++},
	date = {2014},
	subtitle = {42 Specific Ways to Improve Your Use of C++11 and C++14},
	edition = {1},
	publisher = {O'Reilly},
	isbn = {978-1-491-90399-5},
}
